@article{Carroll1985,
  title={A note on {N} estimators for the binomial distribution},
  author={Carroll, Raymond J and Lombard, F},
  journal={Journal of the American Statistical Association},
  volume={80},
  number={390},
  pages={423--426},
  year={1985},
  publisher={Taylor \& Francis}
}
@book{Robert2007,
  title={The {B}ayesian choice: from decision-theoretic foundations to computational implementation},
  author={Robert, Christian},
  year={2007},
  publisher={Springer Science \& Business Media}
}

@article{Raftery1988,
  title={Inference for the binomial N parameter: A hierarchical Bayes approach},
  author={Raftery, Adrian E},
  journal={Biometrika},
  volume={75},
  number={2},
  pages={223--228},
  year={1988},
  publisher={Oxford University Press}
}

@misc{github,
  author       = {Moschen, L. M.},
  title        = {Exam A1},
  howpublished = {Available at \url{https://github.com/lucasmoschen/phd-bayesian-statistics/blob/main/notes/exam/A1.pdf}},
  year         = {2021}
}

@article{xie2006,
title = {Measures of Bayesian learning and identifiability in hierarchical models},
journal = {Journal of Statistical Planning and Inference},
volume = {136},
number = {10},
pages = {3458-3477},
year = {2006},
issn = {0378-3758},
doi = {https://doi.org/10.1016/j.jspi.2005.04.003},
url = {https://www.sciencedirect.com/science/article/pii/S0378375805001278},
author = {Yang Xie and Bradley P. Carlin}
}

@misc{stan,
  title       = {Mark-recapture models},
  author        = {{Stan Development Team}},
  howpublished = {Available at \url{https://mc-stan.org/docs/2_27/stan-users-guide/mark-recapture-models.html}},
  year         = {2021}
}
