@book{Robert2007,
  title={The {B}ayesian choice: from decision-theoretic foundations to computational implementation},
  author={Robert, Christian},
  year={2007},
  publisher={Springer Science \& Business Media}
}

@book{otimizacao,
  author         = {Alexey Izmailov, Mikhail Solodov},
  editor         = {},
  title          = {Otimização: Condições de otilmalidade, elementos de análise convexa e de dualidade, vol. 1},
  publisher      = {Coleção matemática universitária},
  year           = {2020}
}

@book{schervish1996theory,
  title={Theory of Statistics},
  author={Schervish, M.J.},
  isbn={9780387945460},
  lccn={97115378},
  series={Springer Series in Statistics},
  url={https://books.google.com.br/books?id=F9A9af4It10C},
  year={1996},
  publisher={Springer New York}
}

@article{2020SciPy-NMeth,
  author  = {Virtanen, Pauli et al.},
  title   = {{{SciPy} 1.0: Fundamental Algorithms for Scientific
            Computing in Python}},
  journal = {Nature Methods},
  year    = {2020},
  volume  = {17},
  pages   = {261--272},
  adsurl  = {https://rdcu.be/b08Wh},
  doi     = {10.1038/s41592-019-0686-2},
}

@article{brent,
author = {Brent, Richard},
year = {2002},
month = {01},
title = {Algorithms For Minimization Without Derivatives},
volume = {19},
journal = {Englewood Cliffs, Prentice Hall},
doi = {10.2307/2005713}
}

@book{Lages1976,
  author         = {Lima, Elon Lages},
  editor         = {},
  title          = {Curso de análise volume 1},
  publisher      = {IMPA},
  year           = {1976}
}

@book{young_smith_2005, place={Cambridge}, series={Cambridge Series in Statistical and Probabilistic Mathematics}, title={Essentials of Statistical Inference}, DOI={10.1017/CBO9780511755392}, publisher={Cambridge University Press}, author={Young, G. A. and Smith, R. L.}, year={2005}, collection={Cambridge Series in Statistical and Probabilistic Mathematics}}

@article{pymc3,
author = {Salvatier, John and Wiecki, Thomas and Fonnesbeck, Christopher},
year = {2016},
month = {01},
pages = {},
journal = {PeerJ Computer Science},
title = {Probabilistic programming in Python using PyMC3},
doi = {10.7287/PEERJ.PREPRINTS.1686V1}
}

@article{consistency-mle,
 ISSN = {03195724},
 URL = {http://www.jstor.org/stable/3315202},
 author = {Z. D. Bai and J. C. Fu},
 journal = {The Canadian Journal of Statistics / La Revue Canadienne de Statistique},
 number = {2},
 pages = {137--146},
 publisher = {[Statistical Society of Canada, Wiley]},
 title = {On the Maximum-Likelihood Estimator for the Location Parameter of a Cauchy Distribution},
 volume = {15},
 year = {1987}
}

@misc{github,
  author       = {Moschen, L. M.},
  title        = {Github's Repository},
  howpublished = {\url{https://github.com/lucasmoschen/phd-bayesian-statistics}},
  year         = {2021}
}
