@article{Koopman1936,
  title={On distributions admitting a sufficient statistic},
  author={Koopman, Bernard Osgood},
  journal={Transactions of the American Mathematical society},
  volume={39},
  number={3},
  pages={399--409},
  year={1936},
  publisher={JSTOR}
}
@article{Edwards1978,
  title={Commentary on the arguments of {T}homas {B}ayes},
  author={Edwards, AWF},
  journal={Scandinavian Journal of Statistics},
  pages={116--118},
  year={1978},
  publisher={JSTOR}
}
@article{Diaconis1979,
  title={Conjugate priors for exponential families},
  author={Diaconis, Persi and Ylvisaker, Donald and others},
  journal={The {A}nnals of {S}tatistics},
  volume={7},
  number={2},
  pages={269--281},
  year={1979},
  publisher={Institute of Mathematical Statistics}
}
@book{Robert2007,
  title={The {B}ayesian choice: from decision-theoretic foundations to computational implementation},
  author={Robert, Christian},
  year={2007},
  publisher={Springer Science \& Business Media}
}

@book{schervish1996theory,
  title={Theory of Statistics},
  author={Schervish, M.J.},
  isbn={9780387945460},
  lccn={97115378},
  series={Springer Series in Statistics},
  url={https://books.google.com.br/books?id=F9A9af4It10C},
  year={1996},
  publisher={Springer New York}
}

@misc{calculus,
  author       = {Wikipedia, the free encyclopedia},
  title        = {Fundamental theorem of calculus},
  howpublished = {\url{https://en.wikipedia.org/wiki/Fundamental_theorem_of_calculus}},
  year         = {2021}
}

@misc{beta,
  author       = {Wikipedia, the free encyclopedia},
  title        = {Beta function},
  howpublished = {\url{https://en.wikipedia.org/wiki/Beta_function}},
  year         = {2021}
}

@misc{weierstrass,
  author       = {Wikipedia, the free encyclopedia},
  title        = {Extreme value theorem},
  howpublished = {\url{https://en.wikipedia.org/wiki/Extreme_value_theorem}},
  year         = {2021}
}

@misc{rolle,
  author       = {Wikipedia, the free encyclopedia},
  title        = {Rolle's theorem},
  howpublished = {\url{https://en.wikipedia.org/wiki/Rolle%27s_theorem}},
  year         = {2021}
}

@misc{beta-dist,
  author       = {Wikipedia, the free encyclopedia},
  title        = {Beta distribution},
  howpublished = {\url{https://en.wikipedia.org/wiki/Beta_distribution}},
  year         = {2021}
}

@article{Bayes1763,
  title={An essay towards solving a problem in the doctrine of chances. 1763},
  author={Bayes, Thomas},
  journal={MD computing: computers in medical practice},
  volume={8},
  number={3},
  pages={157--171},
  year={1991}
}

